<?xml version="1.0" encoding="UTF-8"?>
<record xmlns="http://www.loc.gov/MARC21/slim" xmlns:zs="http://docs.oasis-open.org/ns/search-ws/sruResponse">
 <leader>
  05714cpcaa22008897a 4500
 </leader>
 <controlfield tag="001">
  13519419
 </controlfield>
 <controlfield tag="005">
  20180705164555.0
 </controlfield>
 <controlfield tag="007">
  st o|ndmbi|||e
 </controlfield>
 <controlfield tag="008">
  040311i19841984dcu                 eng
 </controlfield>
 <datafield ind1=" " ind2=" " tag="906">
  <subfield code="a">
   7
  </subfield>
  <subfield code="b">
   cbc
  </subfield>
  <subfield code="c">
   orignew
  </subfield>
  <subfield code="d">
   u
  </subfield>
  <subfield code="e">
   ncip
  </subfield>
  <subfield code="f">
   20
  </subfield>
  <subfield code="g">
   y-folklife
  </subfield>
 </datafield>
 <datafield ind1=" " ind2=" " tag="955">
  <subfield code="a">
   mkru 2004-03-17; mkru 2004-04-12; mkru 2004-09-30; mkru 2004-11-17; mkru 2005-07-11; mkru 2011-06-15; cker 2012-10-12; cker 2015-12-14
  </subfield>
  <subfield code="a">
   mkru 2015-12-15
  </subfield>
  <subfield code="a">
   mseg 2017-07-08
  </subfield>
  <subfield code="a">
   mseg 2017-07-11
  </subfield>
  <subfield code="a">
   mkru 2017-12-18
  </subfield>
 </datafield>
 <datafield ind1=" " ind2=" " tag="010">
  <subfield code="a">
   2004695151
  </subfield>
 </datafield>
 <datafield ind1="2" ind2="0" tag="033">
  <subfield code="a">
   19840504
  </subfield>
  <subfield code="a">
   19840913
  </subfield>
 </datafield>
 <datafield ind1=" " ind2=" " tag="040">
  <subfield code="a">
   DLC
  </subfield>
  <subfield code="c">
   DLC
  </subfield>
  <subfield code="e">
   appm
  </subfield>
  <subfield code="d">
   DLC
  </subfield>
 </datafield>
 <datafield ind1="0" ind2=" " tag="041">
  <subfield code="a">
   eng
  </subfield>
  <subfield code="d">
   eng
  </subfield>
  <subfield code="d">
   spa
  </subfield>
  <subfield code="d">
   ben
  </subfield>
  <subfield code="d">
   jpn
  </subfield>
 </datafield>
 <datafield ind1=" " ind2=" " tag="043">
  <subfield code="a">
   n-us-oh
  </subfield>
  <subfield code="a">
   a-ii---
  </subfield>
  <subfield code="a">
   a-ja---
  </subfield>
 </datafield>
 <datafield ind1=" " ind2=" " tag="090">
  <subfield code="a">
   AFC 1984/007
  </subfield>
 </datafield>
 <datafield ind1=" " ind2=" " tag="090">
  <subfield code="a">
   RWA 7311-7312; RWA 7352-7353; RWA 7808; RWA 7815-7816 (LWO 18977); RWA 7845-7846; RWA 7847 (LWO 19030) (preservation masters)
  </subfield>
 </datafield>
 <datafield ind1=" " ind2=" " tag="090">
  <subfield code="a">
   AFS 24367 (RWA 7808) (listening copy)
  </subfield>
 </datafield>
 <datafield ind1="0" ind2="0" tag="245">
  <subfield code="a">
   1984 Neptune Plaza Concert Series collection,
  </subfield>
  <subfield code="f">
   1984 /
  </subfield>
  <subfield code="c">
   sponsored by the American Folklife Center ; assisted by the National Council for the Traditional Arts.
  </subfield>
 </datafield>
 <datafield ind1="0" ind2=" " tag="246">
  <subfield code="a">
   American Folklife Center concert, 1984
  </subfield>
 </datafield>
 <datafield ind1=" " ind2=" " tag="260">
  <subfield code="c">
   1984.
  </subfield>
 </datafield>
 <datafield ind1=" " ind2=" " tag="300">
  <subfield code="3">
   manuscripts
  </subfield>
  <subfield code="a">
   7
  </subfield>
  <subfield code="f">
   folders.
  </subfield>
 </datafield>
 <datafield ind1=" " ind2=" " tag="300">
  <subfield code="3">
   sound recordings
  </subfield>
  <subfield code="a">
   10 sound tape reels :
  </subfield>
  <subfield code="b">
   analog, 7 1/2 ips, 2 track, stereo. and mono. ;
  </subfield>
  <subfield code="c">
   10 in.
  </subfield>
 </datafield>
 <datafield ind1=" " ind2=" " tag="300">
  <subfield code="3">
   graphic materials
  </subfield>
  <subfield code="a">
   184 photographs :
  </subfield>
  <subfield code="b">
   negatives, black and white.
  </subfield>
 </datafield>
 <datafield ind1=" " ind2=" " tag="300">
  <subfield code="3">
   graphic materials
  </subfield>
  <subfield code="a">
   164 slides :
  </subfield>
  <subfield code="b">
   color.
  </subfield>
 </datafield>
 <datafield ind1=" " ind2=" " tag="300">
  <subfield code="3">
   graphic materials
  </subfield>
  <subfield code="a">
   4 photographic prints :
  </subfield>
  <subfield code="b">
   black and white.
  </subfield>
 </datafield>
 <datafield ind1=" " ind2="0" tag="440">
  <subfield code="a">
   Neptune Plaza concert series
  </subfield>
 </datafield>
 <datafield ind1=" " ind2=" " tag="500">
  <subfield code="a">
   Photographs include negatives, black and white contact sheets (184 images), photographic prints, and color slides taken by photographers John T. Gibbs and Reid S. Baker.
  </subfield>
 </datafield>
 <datafield ind1=" " ind2=" " tag="518">
  <subfield code="a">
   Concerts were recorded at various locations in and in front of the Thomas Jefferson Building, Library of Congress: May 4 outdoors on Neptune Plaza; June 14 in the Whittall Pavilion; July 12, August 9, 16, and September 13, from 12:00 - 1:30 pm in the Coolidge Auditorium.
  </subfield>
 </datafield>
 <datafield ind1=" " ind2=" " tag="520">
  <subfield code="a">
   Manuscript materials, sound recordings, and photographs documenting the performance of bluegrass music from Ohio; blues music and African American a capella doo-wop from Washington, D.C.; folk music from Bengal, India; Japanese music from Washington, D.C.; and Puerto Rican cuatro and salsa music from Washington, D.C. recorded live at the Thomas Jefferson Building, Library of Congress, in concerts from May through September 1984, sponsored by the American Folklife Center. The concert of Japanese music was followed by a workshop in the Whittall Pavilion on Japanese brush painting.
  </subfield>
 </datafield>
 <datafield ind1="0" ind2=" " tag="505">
  <subfield code="a">
   May 4: Doyle Lawson and Quicksilver (Bluegrass music) -- June 14: Flora Molton and Archie Edwards and the Truth Band (Blues music) -- July 12: Ganga (Bengali music) -- August 9: Vel-Tones (African American doo-wop) -- August 16: Sankyoku, Washington Toho Koto Society (Japanese music on koto, shakuhachi, and sangen) -- September 13: Yomo Toro (Puerto Rican décimas, plenas, and aguinaldos)
  </subfield>
 </datafield>
 <datafield ind1="8" ind2=" " tag="524">
  <subfield code="a">
   1984 Neptune Plaza Concert Series collection (AFC 1984/007), Archive of Folk Culture, American Folklife Center, Library of Congress, Washington, D.C.
  </subfield>
 </datafield>
 <datafield ind1="1" ind2=" " tag="506">
  <subfield code="a">
   Collection is open for research; access restrictions for some materials may apply, some materials may be stored offsite.  To request materials, please contact the Folklife Reading Room at
  </subfield>
  <subfield code="u">
   http://hdl.loc.gov/loc.afc/folklife.contact
  </subfield>
 </datafield>
 <datafield ind1=" " ind2=" " tag="540">
  <subfield code="a">
   Duplication of the recorded materials may be governed by copyright and other restrictions.
  </subfield>
 </datafield>
 <datafield ind1=" " ind2=" " tag="546">
  <subfield code="3">
   Manuscripts
  </subfield>
  <subfield code="a">
   in English.
  </subfield>
 </datafield>
 <datafield ind1=" " ind2=" " tag="546">
  <subfield code="3">
   Sound recordings
  </subfield>
  <subfield code="a">
   in English, Spanish, Bengali, and Japanese.
  </subfield>
 </datafield>
 <datafield ind1="0" ind2=" " tag="555">
  <subfield code="a">
   Finding aid available in the Folklife Reading Room and online
  </subfield>
  <subfield code="u">
   http://hdl.loc.gov/loc.afc/eadafc.af011011
  </subfield>
 </datafield>
 <datafield ind1=" " ind2="0" tag="650">
  <subfield code="a">
   Folk music
  </subfield>
  <subfield code="z">
   United States.
  </subfield>
 </datafield>
 <datafield ind1=" " ind2="0" tag="650">
  <subfield code="a">
   Folk songs, Spanish
  </subfield>
  <subfield code="z">
   Puerto Rico.
  </subfield>
 </datafield>
 <datafield ind1=" " ind2="0" tag="650">
  <subfield code="a">
   Folk music
  </subfield>
  <subfield code="z">
   India
  </subfield>
  <subfield code="z">
   Bengal.
  </subfield>
 </datafield>
 <datafield ind1=" " ind2="0" tag="650">
  <subfield code="a">
   Bengali (South Asian people)
  </subfield>
  <subfield code="z">
   Virginia
  </subfield>
  <subfield code="v">
   Music.
  </subfield>
 </datafield>
 <datafield ind1=" " ind2="0" tag="650">
  <subfield code="a">
   Japanese Americans
  </subfield>
  <subfield code="z">
   Washington (D.C.)
  </subfield>
  <subfield code="v">
   Music.
  </subfield>
 </datafield>
 <datafield ind1=" " ind2="0" tag="650">
  <subfield code="a">
   African Americans
  </subfield>
  <subfield code="z">
   Washington (D.C.)
  </subfield>
  <subfield code="v">
   Music.
  </subfield>
 </datafield>
 <datafield ind1=" " ind2="0" tag="650">
  <subfield code="a">
   Bengali Americans
  </subfield>
  <subfield code="z">
   Virginia
  </subfield>
  <subfield code="v">
   Music.
  </subfield>
 </datafield>
 <datafield ind1=" " ind2="0" tag="650">
  <subfield code="a">
   Bluegrass music
  </subfield>
  <subfield code="z">
   Ohio.
  </subfield>
 </datafield>
 <datafield ind1=" " ind2="0" tag="650">
  <subfield code="a">
   Bluegrass music
  </subfield>
  <subfield code="y">
   1981-1990.
  </subfield>
 </datafield>
 <datafield ind1=" " ind2="0" tag="650">
  <subfield code="a">
   Blues (Music)
  </subfield>
  <subfield code="y">
   1981-1990.
  </subfield>
 </datafield>
 <datafield ind1=" " ind2="0" tag="650">
  <subfield code="a">
   Doo-wop (Music)
  </subfield>
 </datafield>
 <datafield ind1=" " ind2="0" tag="650">
  <subfield code="a">
   Shakuhachi and koto music.
  </subfield>
 </datafield>
 <datafield ind1=" " ind2="0" tag="650">
  <subfield code="a">
   Plenas
  </subfield>
  <subfield code="z">
   Puerto Rico.
  </subfield>
 </datafield>
 <datafield ind1=" " ind2="0" tag="650">
  <subfield code="a">
   Decimas, Puerto Rican
  </subfield>
  <subfield code="z">
   Puerto Rico.
  </subfield>
 </datafield>
 <datafield ind1=" " ind2="0" tag="650">
  <subfield code="a">
   Aguinaldos
  </subfield>
  <subfield code="z">
   Puerto Rico.
  </subfield>
 </datafield>
 <datafield ind1=" " ind2="0" tag="650">
  <subfield code="a">
   Popular music
  </subfield>
  <subfield code="z">
   Puerto Rico.
  </subfield>
 </datafield>
 <datafield ind1=" " ind2="0" tag="650">
  <subfield code="a">
   Puerto Ricans
  </subfield>
  <subfield code="z">
   Washington (D.C.)
  </subfield>
  <subfield code="v">
   Music.
  </subfield>
 </datafield>
 <datafield ind1=" " ind2="0" tag="650">
  <subfield code="a">
   Rhythm and blues music
  </subfield>
  <subfield code="z">
   Washington (D.C.)
  </subfield>
 </datafield>
 <datafield ind1=" " ind2="0" tag="651">
  <subfield code="a">
   Washington (D.C.)
  </subfield>
  <subfield code="e">
   event place.
  </subfield>
 </datafield>
 <datafield ind1=" " ind2="7" tag="655">
  <subfield code="a">
   Manuscripts.
  </subfield>
  <subfield code="2">
   aat
  </subfield>
 </datafield>
 <datafield ind1=" " ind2="7" tag="655">
  <subfield code="a">
   Photographic prints.
  </subfield>
  <subfield code="2">
   aat
  </subfield>
 </datafield>
 <datafield ind1=" " ind2="7" tag="655">
  <subfield code="a">
   Color slides.
  </subfield>
  <subfield code="2">
   aat
  </subfield>
 </datafield>
 <datafield ind1=" " ind2="7" tag="655">
  <subfield code="a">
   Sound recordings.
  </subfield>
  <subfield code="2">
   lcgft
  </subfield>
 </datafield>
 <datafield ind1="1" ind2=" " tag="700">
  <subfield code="a">
   Edwards, Archie,
  </subfield>
  <subfield code="d">
   1918-
  </subfield>
  <subfield code="e">
   performer.
  </subfield>
 </datafield>
 <datafield ind1="1" ind2=" " tag="700">
  <subfield code="a">
   Lawson, Doyle,
  </subfield>
  <subfield code="e">
   performer.
  </subfield>
 </datafield>
 <datafield ind1="1" ind2=" " tag="700">
  <subfield code="a">
   Molton, Flora,
  </subfield>
  <subfield code="d">
   1908-1990,
  </subfield>
  <subfield code="e">
   performer.
  </subfield>
 </datafield>
 <datafield ind1="1" ind2=" " tag="700">
  <subfield code="a">
   Toro, Yomo,
  </subfield>
  <subfield code="e">
   performer.
  </subfield>
 </datafield>
 <datafield ind1="2" ind2=" " tag="710">
  <subfield code="a">
   Ganga (Musical group)
  </subfield>
  <subfield code="e">
   performer.
  </subfield>
 </datafield>
 <datafield ind1="2" ind2=" " tag="710">
  <subfield code="a">
   Quicksilver (Musical group),
  </subfield>
  <subfield code="e">
   performer.
  </subfield>
 </datafield>
 <datafield ind1="2" ind2=" " tag="710">
  <subfield code="a">
   Vel-Tones (Musical group),
  </subfield>
  <subfield code="e">
   performer.
  </subfield>
 </datafield>
 <datafield ind1="2" ind2=" " tag="710">
  <subfield code="a">
   Washington Toho Koto Society,
  </subfield>
  <subfield code="e">
   performer.
  </subfield>
 </datafield>
 <datafield ind1="2" ind2=" " tag="710">
  <subfield code="a">
   Archive of Folk Culture (Library of Congress)
  </subfield>
  <subfield code="e">
   collector.
  </subfield>
 </datafield>
 <datafield ind1="2" ind2=" " tag="710">
  <subfield code="a">
   American Folklife Center,
  </subfield>
  <subfield code="e">
   sponsor.
  </subfield>
 </datafield>
 <datafield ind1="2" ind2=" " tag="710">
  <subfield code="a">
   National Council for the Traditional Arts,
  </subfield>
  <subfield code="e">
   sponsor.
  </subfield>
 </datafield>
 <datafield ind1=" " ind2=" " tag="852">
  <subfield code="a">
   Library of Congress
  </subfield>
  <subfield code="b">
   Archive of Folk Culture, American Folklife Center,
  </subfield>
  <subfield code="e">
   101 Independence Ave. S.E., Washington, DC USA 20540-4610
  </subfield>
 </datafield>
 <datafield ind1="4" ind2="2" tag="856">
  <subfield code="3">
   Finding aid
  </subfield>
  <subfield code="u">
   http://hdl.loc.gov/loc.afc/eadafc.af011011
  </subfield>
 </datafield>
 <datafield ind1=" " ind2=" " tag="985">
  <subfield code="a">
   afc/ead
  </subfield>
 </datafield>
 <datafield ind1=" " ind2=" " tag="985">
  <subfield code="a">
   afc/coll
  </subfield>
 </datafield>
 <datafield ind1=" " ind2=" " tag="985">
  <subfield code="a">
   afc/event
  </subfield>
 </datafield>
</record>
